<record><leader>00000cas a22000007a 4500</leader><controlfield tag="001">11799951</controlfield><controlfield tag="008">850313d18921901aluwr ne      0    0eng d</controlfield><datafield ind1=" " ind2=" " tag="010"><subfield code="a">sn 85044556 </subfield></datafield><datafield ind1=" " ind2=" " tag="040"><subfield code="a">AAA</subfield><subfield code="b">eng</subfield><subfield code="c">AAA</subfield><subfield code="d">CPN</subfield><subfield code="d">OCL</subfield><subfield code="d">OCLCQ</subfield></datafield><datafield ind1=" " ind2=" " tag="019"><subfield code="a">12320578</subfield></datafield><datafield ind1=" " ind2=" " tag="042"><subfield code="a">msc</subfield></datafield><datafield ind1="0" ind2=" " tag="130"><subfield code="a">Chronicle (Columbiana, Ala.)</subfield></datafield><datafield ind1="1" ind2="4" tag="245"><subfield code="a">The Chronicle.</subfield></datafield><datafield ind1=" " ind2=" " tag="260"><subfield code="a">Columbiana, Ala. :</subfield><subfield code="b">C.C. Dubose,</subfield><subfield code="c">1892-1901.</subfield></datafield><datafield ind1=" " ind2=" " tag="300"><subfield code="a">v. :</subfield><subfield code="b">ill.</subfield></datafield><datafield ind1=" " ind2=" " tag="310"><subfield code="a">Weekly</subfield></datafield><datafield ind1="0" ind2=" " tag="362"><subfield code="a">Vol. 7, no. 23 (Dec. 8, 1892)-v. 16, no. 20 (Mar. 21, 1901).</subfield></datafield><datafield ind1=" " ind2=" " tag="515"><subfield code="a">Issue for Jan. 31, 1894 misdated Jan. 24, 1894.</subfield></datafield><datafield ind1=" " ind2=" " tag="515"><subfield code="a">Issue for Oct. 14, 1897 misdated Oct. 15, 1897.</subfield></datafield><datafield ind1=" " ind2=" " tag="515"><subfield code="a">Issues for Dec. 21 and Dec. 28, 1899 are identical.</subfield></datafield><datafield ind1=" " ind2=" " tag="525"><subfield code="a">Issue for Dec. 24, 1896 has a special supplement.</subfield></datafield><datafield ind1=" " ind2=" " tag="752"><subfield code="a">United States</subfield><subfield code="b">Alabama</subfield><subfield code="c">Shelby</subfield><subfield code="d">Columbiana.</subfield></datafield><datafield ind1="0" ind2="0" tag="780"><subfield code="t">Shelby chronicle</subfield><subfield code="w">(DLC)sn 85044557</subfield></datafield><datafield ind1="0" ind2="0" tag="785"><subfield code="t">Shelby chronicle (Columbiana, Ala. : 1901)</subfield><subfield code="w">(DLC)sn 85044558</subfield></datafield><datafield ind1="1" ind2=" " tag="029"><subfield code="a">AU@</subfield><subfield code="b">000025827439</subfield></datafield></record>